% ------------------------------------------------------------------------
% SAMPLE BIBLIOGRAPHY FILE
% ------------------------------------------------------------------------

@misc{ovs-vswitchd-conf,
	title = {{Manual de OpenvSwitch}},
	author = {OpenvSwitch},
	note = {url: \url{http://openvswitch.org/ovs-vswitchd.conf.db.5.pdf}, último acceso Mayo 2016},
	year={2016}
}

@article{proyecto-rrap,
	title={Routers Reconfigurables de Altas Prestaciones},
	author={E. Viotti, R. Amaro},
	year={2015}
}

@misc{doc-telnetlib,
	title = {{Documentación de Telnetlib}},
	author = {Telnetlib},
	note = {url: \url{https://docs.python.org/2/library/telnetlib.html}, último acceso Mayo 2016},
	year={2016}
}

% ------------------------------------------------------------------------
